
@article{gmm1,
	Author = {Falk, Tiago H and Chan, Wai-Yip},
	Date-Added = {2019-04-15 13:16:24 -0400},
	Date-Modified = {2019-04-15 13:16:24 -0400},
	Isbn = {1070-9908},
	Journal = {IEEE Signal Processing Letters},
	Number = {2},
	Pages = {108--111},
	Publisher = {IEEE},
	Title = {Nonintrusive speech quality estimation using Gaussian mixture models},
	Ty = {JOUR},
	Volume = {13},
	Year = {2006}
}
