@Manual{R-base,
  title = {R: A Language and Environment for Statistical Computing},
  author = {{R Core Team}},
  organization = {R Foundation for Statistical Computing},
  address = {Vienna, Austria},
  year = {2018},
  url = {https://www.R-project.org/},
}
@Manual{R-bookdown,
  title = {bookdown: Authoring Books and Technical Documents with R Markdown},
  author = {Yihui Xie},
  year = {2019},
  note = {R package version 0.10.2},
  url = {https://github.com/rstudio/bookdown},
}
@Manual{R-dplyr,
  title = {dplyr: A Grammar of Data Manipulation},
  author = {Hadley Wickham and Romain François and Lionel Henry and Kirill Müller},
  year = {2019},
  note = {R package version 0.8.0.1},
  url = {https://CRAN.R-project.org/package=dplyr},
}
@Manual{R-ggplot2,
  title = {ggplot2: Create Elegant Data Visualisations Using the Grammar of Graphics},
  author = {Hadley Wickham and Winston Chang and Lionel Henry and Thomas Lin Pedersen and Kohske Takahashi and Claus Wilke and Kara Woo},
  year = {2019},
  note = {R package version 3.1.1},
  url = {https://CRAN.R-project.org/package=ggplot2},
}
@Manual{R-ggthemes,
  title = {ggthemes: Extra Themes, Scales and Geoms for 'ggplot2'},
  author = {Jeffrey B. Arnold},
  year = {2019},
  note = {R package version 4.1.1},
  url = {https://CRAN.R-project.org/package=ggthemes},
}
@Manual{R-huxtable,
  title = {huxtable: Easily Create and Style Tables for LaTeX, HTML and Other Formats},
  author = {David Hugh-Jones},
  year = {2019},
  note = {R package version 4.5.0},
  url = {https://CRAN.R-project.org/package=huxtable},
}
@Manual{R-jsonlite,
  title = {jsonlite: A Robust, High Performance JSON Parser and Generator for R},
  author = {Jeroen Ooms and Duncan {Temple Lang} and Lloyd Hilaiel},
  year = {2018},
  note = {R package version 1.6},
  url = {https://CRAN.R-project.org/package=jsonlite},
}
@Manual{R-kableExtra,
  title = {kableExtra: Construct Complex Table with 'kable' and Pipe Syntax},
  author = {Hao Zhu},
  year = {2019},
  note = {R package version 1.1.0},
  url = {https://CRAN.R-project.org/package=kableExtra},
}
@Manual{R-knitr,
  title = {knitr: A General-Purpose Package for Dynamic Report Generation in R},
  author = {Yihui Xie},
  year = {2019},
  note = {R package version 1.23},
  url = {https://CRAN.R-project.org/package=knitr},
}
@Manual{R-lattice,
  title = {lattice: Trellis Graphics for R},
  author = {Deepayan Sarkar},
  year = {2018},
  note = {R package version 0.20-38},
  url = {https://CRAN.R-project.org/package=lattice},
}
@Manual{R-lme4,
  title = {lme4: Linear Mixed-Effects Models using 'Eigen' and S4},
  author = {Douglas Bates and Martin Maechler and Ben Bolker and Steven Walker},
  year = {2019},
  note = {R package version 1.1-21},
  url = {https://CRAN.R-project.org/package=lme4},
}
@Manual{R-lmerTest,
  title = {lmerTest: Tests in Linear Mixed Effects Models},
  author = {Alexandra Kuznetsova and Per {Bruun Brockhoff} and Rune {Haubo Bojesen Christensen}},
  year = {2019},
  note = {R package version 3.1-0},
  url = {https://CRAN.R-project.org/package=lmerTest},
}
@Manual{R-MASS,
  title = {MASS: Support Functions and Datasets for Venables and Ripley's MASS},
  author = {Brian Ripley},
  year = {2018},
  note = {R package version 7.3-51.1},
  url = {https://CRAN.R-project.org/package=MASS},
}
@Manual{R-Matrix,
  title = {Matrix: Sparse and Dense Matrix Classes and Methods},
  author = {Douglas Bates and Martin Maechler},
  year = {2018},
  note = {R package version 1.2-15},
  url = {https://CRAN.R-project.org/package=Matrix},
}
@Manual{R-memisc,
  title = {memisc: Management of Survey Data and Presentation of Analysis Results},
  author = {Martin Elff},
  year = {2019},
  note = {R package version 0.99.17.1},
  url = {https://CRAN.R-project.org/package=memisc},
}
@Manual{R-psych,
  title = {psych: Procedures for Psychological, Psychometric, and Personality
Research},
  author = {William Revelle},
  year = {2019},
  note = {R package version 1.8.12},
  url = {https://CRAN.R-project.org/package=psych},
}
@Manual{R-readr,
  title = {readr: Read Rectangular Text Data},
  author = {Hadley Wickham and Jim Hester and Romain Francois},
  year = {2018},
  note = {R package version 1.3.1},
  url = {https://CRAN.R-project.org/package=readr},
}
@Manual{R-rmarkdown,
  title = {rmarkdown: Dynamic Documents for R},
  author = {JJ Allaire and Yihui Xie and Jonathan McPherson and Javier Luraschi and Kevin Ushey and Aron Atkins and Hadley Wickham and Joe Cheng and Winston Chang and Richard Iannone},
  year = {2019},
  note = {R package version 1.12},
  url = {https://CRAN.R-project.org/package=rmarkdown},
}
@Manual{R-tidyr,
  title = {tidyr: Easily Tidy Data with 'spread()' and 'gather()' Functions},
  author = {Hadley Wickham and Lionel Henry},
  year = {2019},
  note = {R package version 0.8.3},
  url = {https://CRAN.R-project.org/package=tidyr},
}
@Manual{R-xtable,
  title = {xtable: Export Tables to LaTeX or HTML},
  author = {David B. Dahl and David Scott and Charles Roosen and Arni Magnusson and Jonathan Swinton},
  year = {2019},
  note = {R package version 1.8-4},
  url = {https://CRAN.R-project.org/package=xtable},
}
